<record xmlns:xsi="http://www.w3.org/2001/XMLSchema-instance" xmlns="http://www.loc.gov/MARC21/slim" xsi:schemaLocation="http://www.loc.gov/MARC21/slim http://www.loc.gov/standards/marcxml/schema/MARC21slim.xsd">

  <leader>02100nab a2200169   4500</leader>
  <controlfield tag="005">20160317162334.0</controlfield>
  <controlfield tag="008">150701b2001    cr f|||| |||| 00| 0 spa d</controlfield>
  <datafield tag="090" ind2=" " ind1=" ">
    <subfield code="a">REVIS 06.02.01</subfield>
  </datafield>
  <datafield tag="100" ind1="1" ind2=" ">
    <subfield code="9">249</subfield>
    <subfield code="a">Pacheco Urbina, Vivian María</subfield>
  </datafield>
  <datafield tag="245" ind2="3" ind1="1">
    <subfield code="a">El desarrollo del talento sobresaliente en los estudiantes adolecentes /</subfield>
    <subfield code="c">Vivian María Pacheco Urbina</subfield>
  </datafield>
  <datafield ind1=" " ind2=" " tag="260">
    <subfield code="a">San José, Costa Rica :</subfield>
    <subfield code="b">Editorial Universidad de Costa Rica,</subfield>
    <subfield code="c">2001</subfield>
  </datafield>
  <datafield tag="300" ind1=" " ind2=" ">
    <subfield code="a"> páginas 123-136</subfield>
  </datafield>
  <datafield ind2=" " ind1=" " tag="520">
    <subfield code="a">El extraño potencial del ser humano, que se manifiesta en el talento sobresaliente, en las aptitudes y las habilidades de algunos estudiantes, denota en su personalidad y en el excelente rendimiento académico que obtienen, y en su participación activa en el proceso educativo; se proyecta así mismo en su interés por los avances científicos y tecnológicos; en la valiosa producción intelectual, que se traduce en teorías, investigaciones u obras literarias; en la riqueza espiritual que se expresa en su relación con la familia y con la sociedad; en su creación artística, que se expresa en la pintura, la escultura, la música y la poesía.
En el contexto de los factores que intervienen en la excelencia académica de estudiantes de primeros promedios de admisión de la U.C.R., el presente artículo analiza las concepciones y líneas de pensamientode autores que sustentan teorías sobre el desarrollo del talento en el adolescente: Freeman (1992), Benito (1990), Maker (1995), Renzulli (1981): "La teoría de los tres anillos" y Monks y W.van Boxtel (1992): "Modelo triádico de la sobredotación".
Se plantea asímismo, las necesidades educativas y características  del desarrollo del adolescente talentoso en el núcleo familiar y en los marcos sociales en los que establece una interacción dinámica con otras personas significativas para el desarrollo de sus capacidades cognitivas</subfield>
  </datafield>
  <datafield tag="650" ind2="4" ind1="1">
    <subfield code="9">1</subfield>
    <subfield code="a">EDUCACIÓN</subfield>
  </datafield>
  <datafield ind1="0" ind2=" " tag="773">
    <subfield code="d">San José, Costa Rica : Editorial de la Universidad de Costa Rica, 1997-</subfield>
    <subfield code="o">R0054</subfield>
    <subfield code="t">EDUCACIÓN: Revista de la Universidad de Costa Rica</subfield>
    <subfield code="g">Vol.25, no.1  (2001)</subfield>
  </datafield>
  <datafield ind2=" " ind1=" " tag="942">
    <subfield code="2">z</subfield>
    <subfield code="c">10</subfield>
  </datafield>
  <datafield tag="999" ind1=" " ind2=" ">
    <subfield code="c">2720</subfield>
    <subfield code="d">2720</subfield>
  </datafield>
</record>